@book{cdbook,
 author = {Humble, Jez and Farley, David},
 title = {Continuous Delivery: Reliable Software Releases Through Build, Test, and Deployment Automation},
 year = {2010},
 isbn = {0321601912, 9780321601919},
 edition = {1st},
 publisher = {Addison-Wesley Professional},
} 

@article{zelkowitz1998experimental,
  title={Experimental models for validating technology},
  author={Zelkowitz, Marvin V and Wallace, Dolores R.},
  journal={Computer},
  volume={31},
  number={5},
  pages={23--31},
  year={1998},
  publisher={IEEE}
}

@article{seaman1999qualitative,
  title={Qualitative methods in empirical studies of software engineering},
  author={Seaman, Carolyn B.},
  journal={Software Engineering, IEEE Transactions on},
  volume={25},
  number={4},
  pages={557--572},
  year={1999},
  publisher={IEEE}
}

@article{king1998template,
  title={Template analysis},
  author={King, Nigel},
  year={1998},
  publisher={Sage Publications Ltd}
}

@article{king2004using,
  title={Using templates in the thematic analysis of texts},
  author={King, Nigel and Cassell, C and Symon, G},
  journal={Essential guide to qualitative methods in organizational research},
  pages={256--270},
  year={2004},
  publisher={Sage}
}

@article{king2012doing,
  title={Doing template analysis},
  author={King, Nigel},
  journal={Qualitative organizational research: Core methods and current challenges},
  pages={426--250},
  year={2012},
  publisher={Sage}
}

@book{robson2002real,
  title={Real word research},
  author={Robson, Colin},
  year={2002},
  publisher={Oxford: Blackwell}
}

@book{stake1995art,
  title={The art of case study research},
  author={Stake, Robert E},
  year={1995},
  publisher={Sage}
}

@inproceedings{eklund2012architecture,
  title={Architecture for large-scale innovation experiment systems},
  author={Eklund, Ulrik and Bosch, Jan},
  booktitle={Software Architecture (WICSA) and European Conference on Software Architecture (ECSA), 2012 Joint Working IEEE/IFIP Conference on},
  pages={244--248},
  year={2012},
  organization={IEEE}
}

@article{kitchenham1995case,
  title={Case studies for method and tool evaluation},
  author={Kitchenham, Barbara and Pickard, Lesley and Pfleeger, Shari Lawrence},
  journal={IEEE software},
  volume={12},
  number={4},
  pages={52--62},
  year={1995},
  publisher={IEEE Computer Society}
}

@article{fowler2006continuous,
  title={Continuous integration},
  author={Fowler, Martin and Foemmel, Matthew},
  journal={Thought-Works) http://www.thoughtworks.com/Continuous Integration. pdf},
  year={2006}
}

@online{mcfunley,
  url = {http://mcfunley.com/design-for-continuous-experimentation},
  month = {march},
  year = {2014}
}

@book{cockburn2002agile,
  title={Agile software development},
  author={Cockburn, Alistair},
  volume={2006},
  year={2002},
  publisher={Addison-Wesley Boston}
}

@inproceedings{kruchten2010software, 
  title={Software architecture and agile software development: a clash of two cultures?},
  author={Kruchten, Philippe},
  booktitle={Software Engineering, 2010 ACM/IEEE 32nd International Conference on},
  volume={2},
  pages={497--498},
  year={2010},
  organization={IEEE}
}

@inproceedings{brown2011analysis,
  title={Analysis and management of architectural dependencies in iterative release planning},
  author={Brown, Nanette and Nord, Robert L and Ozkaya, Ipek and Pais, Manuel},
  booktitle={Software Architecture (WICSA), 2011 9th Working IEEE/IFIP Conference on},
  pages={103--112},
  year={2011},
  organization={IEEE}
}

@inproceedings{humble2006deployment,
  title={The deployment production line},
  author={Humble, Jez and Read, Chris and North, Dan},
  booktitle={Agile Conference, 2006},
  pages={6--pp},
  year={2006},
  organization={IEEE}
}

@inproceedings{lindgren2008importance,
  title={Importance of Software Architecture during Release Planning.},
  author={Lindgren, Markus and Norstr{\"o}m, Christer and Wall, Anders and Land, Rikard},
  booktitle={WICSA},
  pages={253--256},
  year={2008}
}

@book{kaisler2005software,
  title={Software paradigms},
  author={Kaisler, Stephen H},
  year={2005},
  publisher={John Wiley \& Sons}
}

@book{van1997software,
  title={Software release management},
  author={Van Der Hoek, Andre and Hall, Richard S and Heimbigner, Dennis and Wolf, Alexander L},
  volume={22},
  number={6},
  year={1997},
  publisher={Springer-Verlag New York, Inc.}
}

@INPROCEEDINGS{6612879, 
author={Akerele, O. and Ramachandran, M. and Dixon, M.}, 
booktitle={Agile Conference (AGILE), 2013}, 
title={System Dynamics Modeling of Agile Continuous Delivery Process}, 
year={2013}, 
month={Aug}, 
pages={60-63}
}

@book{bass2003software,
  title={Software architecture in practice},
  author={Bass, Len and Clements, Paul and Kazman, Rick},
  year={2003},
  publisher={Addison-Wesley Professional}
}

@inproceedings{kazman1998architecture,
  title={The architecture tradeoff analysis method},
  author={Kazman, Rick and Klein, Mark and Barbacci, Mario and Longstaff, Tom and Lipson, Howard and Carriere, Jeromy},
  booktitle={Engineering of Complex Computer Systems, 1998. ICECCS'98. Proceedings. Fourth IEEE International Conference on},
  pages={68--78},
  year={1998},
  organization={IEEE}
}

@ONLINE{ep,
title = {Experimentation Platform},
month = {march},
year = {2014},
url = {http://www.exp-platform.com/}
}

@ONLINE{mf,
author = {Fowler, Martin},
title = {FeatureBranch},
month = march,
year = {2014},
url = {http://martinfowler.com/bliki/FeatureBranch.html}
}

@ONLINE{kaushik,
url = {http://www.kaushik.net/avinash/experimentation-and-testing-a-primer/}
}

@article{kitchenham2002preliminary,
  title={Preliminary guidelines for empirical research in software engineering},
  author={Kitchenham, Barbara A and Pfleeger, Shari Lawrence and Pickard, Lesley M and Jones, Peter W and Hoaglin, David C. and El Emam, Khaled and Rosenberg, Jarrett},
  journal={Software Engineering, IEEE Transactions on},
  volume={28},
  number={8},
  pages={721--734},
  year={2002},
  publisher={IEEE}
}

@book{moran2007wrong,
  title={Do it wrong quickly: how the web changes the old marketing rules},
  author={Moran, Mike},
  year={2007},
  publisher={IBM Press}
}

@inproceedings{olsson2012climbing,
  title={Climbing the" Stairway to Heaven"--A Multiple-Case Study Exploring Barriers in the Transition from Agile Development towards Continuous Deployment of Software},
  author={Olsson, Helena Holmstr{\"o}m and Alahyari, Hiva and Bosch, Jan},
  booktitle={Software Engineering and Advanced Applications (SEAA), 2012 38th EUROMICRO Conference on},
  pages={392--399},
  year={2012},
  organization={IEEE}
}

@incollection{bosch2012building,
  title={Building products as innovation experiment systems},
  author={Bosch, Jan},
  booktitle={Software Business},
  pages={27--39},
  year={2012},
  publisher={Springer}
}

@book{ries2011lean,
  title={The lean startup: How today's entrepreneurs use continuous innovation to create radically successful businesses},
  author={Ries, Eric},
  year={2011},
  publisher={Random House LLC}
}

@inproceedings{crook2009seven,
  title={Seven pitfalls to avoid when running controlled experiments on the web},
  author={Crook, Thomas and Frasca, Brian and Kohavi, Ron and Longbotham, Roger},
  booktitle={Proceedings of the 15th ACM SIGKDD international conference on Knowledge discovery and data mining},
  pages={1105--1114},
  year={2009},
  organization={ACM}
}

@inproceedings{kohavi2007practical,
  title={Practical guide to controlled experiments on the web: listen to your customers not to the hippo},
  author={Kohavi, Ron and Henne, Randal M and Sommerfield, Dan},
  booktitle={Proceedings of the 13th ACM SIGKDD international conference on Knowledge discovery and data mining},
  pages={959--967},
  year={2007},
  organization={ACM}
}

@inproceedings{fagerholm2014building,
  title={Building Blocks for Continuous Experimentation},
  author={Fagerholm, Fabian and Guinea, Alejandro Sanchez and M{\"a}enp{\"a}{\"a}, Hanna and M{\"u}nch, J{\"u}rgen},
  booktitle={Proceedings of the 1st International Workshop on Rapid Continuous Software Engineering (RCoSE 2014), Hyderabad, India},
  year={2014}
}

@article{runeson2009guidelines,
  title={Guidelines for conducting and reporting case study research in software engineering},
  author={Runeson, Per and H{\"o}st, Martin},
  journal={Empirical software engineering},
  volume={14},
  number={2},
  pages={131--164},
  year={2009},
  publisher={Springer}
}