@book{cdbook,
 author = {Humble, Jez and Farley, David},
 title = {Continuous Delivery: Reliable Software Releases Through Build, Test, and Deployment Automation},
 year = {2010},
 isbn = {0321601912, 9780321601919},
 edition = {1st},
 publisher = {Addison-Wesley Professional},
} 

@inproceedings{stairway, 
author={Olsson, H.H. and Alahyari, H. and Bosch, J.}, 
booktitle={Software Engineering and Advanced Applications (SEAA), 2012 38th EUROMICRO Conference on}, 
title={Climbing the "Stairway to Heaven" - A multiple-case study exploring barriers in the transition from agile development towards continuous deployment of software}, 
year={2012}, 
month={Sept}, 
pages={392-399},
}

@article{fowler2006continuous,
  title={Continuous integration},
  author={Fowler, Martin and Foemmel, Matthew},
  journal={Thought-Works) http://www. thoughtworks. com/Continuous Integration. pdf},
  year={2006}
}

@book{cockburn2002agile,
  title={Agile software development},
  author={Cockburn, Alistair},
  volume={2006},
  year={2002},
  publisher={Addison-Wesley Boston}
}

@inproceedings{kruchten2010software,
  title={Software architecture and agile software development: a clash of two cultures?},
  author={Kruchten, Philippe},
  booktitle={Software Engineering, 2010 ACM/IEEE 32nd International Conference on},
  volume={2},
  pages={497--498},
  year={2010},
  organization={IEEE}
}

@inproceedings{brown2011analysis,
  title={Analysis and management of architectural dependencies in iterative release planning},
  author={Brown, Nanette and Nord, Robert L and Ozkaya, Ipek and Pais, Manuel},
  booktitle={Software Architecture (WICSA), 2011 9th Working IEEE/IFIP Conference on},
  pages={103--112},
  year={2011},
  organization={IEEE}
}

@inproceedings{humble2006deployment,
  title={The deployment production line},
  author={Humble, Jez and Read, Chris and North, Dan},
  booktitle={Agile Conference, 2006},
  pages={6--pp},
  year={2006},
  organization={IEEE}
}

@inproceedings{lindgren2008importance,
  title={Importance of Software Architecture during Release Planning.},
  author={Lindgren, Markus and Norstr{\"o}m, Christer and Wall, Anders and Land, Rikard},
  booktitle={WICSA},
  pages={253--256},
  year={2008}
}